@online{tur,
 author  = "Stefan Trost Media",
 title   = "Character Frequency: Turkish (Türkçe)",
 year    = "2007",
 urlseen = "20-09-15",
 url     = "http://www.sttmedia.com/characterfrequency-turkish",
}

@online{ger,
 author  = "Stefan Trost Media",
 title   = "Character Frequency: German (Deutsch)",
 year    = "2007",
 urlseen = "20-09-15",
 url     = "http://www.sttmedia.com/characterfrequency-nederlands",
}

@online{dut,
 author  = "Stefan Trost Media",
 title   = "Character Frequency: Nederlands (Dutch)",
 year    = "2007",
 urlseen = "20-09-15",
 url     = "http://www.sttmedia.com/characterfrequency-nederlands",
}

@online{eng,
 author  = "Stefan Trost Media",
 title   = "Character Frequency: English",
 year    = "2007",
 urlseen = "20-09-15",
 url     = "http://www.sttmedia.com/characterfrequency-english",
}
@article{gcc,
    author = "Wagle, P. and Cowan, C.",
    title = "StackGuard: Simple Stack Smash Protection for
GCC",
    journal ="GCC Developers Submit",
    url = "ftp://gcc.gnu.org/pub/gcc/summit/2003/Stackguard.pdf"
}
